@article{collins2003circle,
  title={A circle packing algorithm},
  author={Collins, Charles R and Stephenson, Kenneth},
  journal={Computational Geometry},
  volume={25},
  number={3},
  pages={233--256},
  year={2003},
  publisher={Elsevier}
}
@article{hopper2001empirical,
  title={An empirical investigation of meta-heuristic and heuristic algorithms for a 2D packing problem},
  author={Hopper, EBCH and Turton, Brian CH},
  journal={European Journal of Operational Research},
  volume={128},
  number={1},
  pages={34--57},
  year={2001},
  publisher={Elsevier}
}
@incollection{feng2002advancing,
  title={An advancing front packing of polygons, ellipses and spheres},
  author={Feng, YT and Han, K and Owen, DRJ},
  booktitle={Discrete Element Methods: Numerical Modeling of Discontinua},
  pages={93--98},
  year={2002}
}
@incollection{porosity,
  title={Fundamentals of Fluid Flow in Porous Media},
  author={Apostolos Kantzas, Jonathan Bryan, Saeed Taheri},
  booktitle={Porosity},
  publisher={Perm Inc. TIPM Laboratory},
  chapter=2
}

@article{orick2017linearized,
  title={A linearized circle packing algorithm},
  author={Orick, Gerald L and Stephenson, Kenneth and Collins, Charles},
  journal={Computational Geometry},
  volume={64},
  pages={13--29},
  year={2017},
  publisher={Elsevier}
}
@article{feng2003filling,
  title={Filling domains with disks: an advancing front approach},
  author={Feng, YT and Han, K and Owen, DRJ},
  journal={International Journal for Numerical Methods in Engineering},
  volume={56},
  number={5},
  pages={699--713},
  year={2003},
  publisher={Wiley Online Library}
}

@article{agarwal2002polygon,
  title={Polygon decomposition for efficient construction of Minkowski sums},
  author={Agarwal, Pankaj K and Flato, Eyal and Halperin, Dan},
  journal={Computational Geometry},
  volume={21},
  number={1-2},
  pages={39--61},
  year={2002},
  publisher={Elsevier}
}

@article{thurston1978geometry,
  title={The geometry and topology of 3-manifolds},
  author={Thurston, William},
  journal={Lecture note},
  year={1978},
  publisher={Princeton Univ.}
}

@article{mohar1993polynomial,
  title={A polynomial time circle packing algorithm},
  author={Mohar, Bojan},
  journal={Discrete Mathematics},
  volume={117},
  number={1-3},
  pages={257--263},
  year={1993},
  publisher={Elsevier}
}

@article{bennell2009tutorial,
  title={A tutorial in irregular shape packing problems},
  author={Bennell, Julia A and Oliveira, Jos{\'e} F},
  journal={Journal of the Operational Research Society},
  volume={60},
  number={1},
  pages={S93--S105},
  year={2009},
  publisher={Springer}
}

@article{gomes2006solving,
  title={Solving irregular strip packing problems by hybridising simulated annealing and linear programming},
  author={Gomes, A Miguel and Oliveira, Jos{\'e} F},
  journal={European Journal of Operational Research},
  volume={171},
  number={3},
  pages={811--829},
  year={2006},
  publisher={Elsevier}
}

@mastersthesis{voronoiLibrary,
  title={Virtual element method for linear method for linear elasticity problems in modifiable meshes},
  author={\'{A}lvarez Inostroza, Catalina Paz},
  school={Universidad de Chile},
  booktitle={Voronoi generation library},
  chapter={5.1},
  pages={72--87},
  year={2017}
}